@article{morris_1989, title={Synaptic plasticity and learning: selective impairment of learning rats and blockade of long-term potentiation in vivo by the N-methyl-D- aspartate receptor antagonist AP5}, volume={9}, DOI={10.1523/jneurosci.09-09-03040.1989}, number={9}, journal={The Journal of Neuroscience}, author={Morris, Rg}, year={1989}, pages={3040–3057}}

@article{tsien_huerta_tonegawa_1996, title={The Essential Role of Hippocampal CA1 NMDA Receptor–Dependent Synaptic Plasticity in Spatial Memory}, volume={87}, DOI={10.1016/s0092-8674(00)81827-9}, number={7}, journal={Cell}, author={Tsien, Joe Z and Huerta, Patricio T and Tonegawa, Susumu}, year={1996}, pages={1327–1338}}

@article{silva_stevens_tonegawa_wang_1992, title={Deficient hippocampal long-term potentiation in alpha-calcium-calmodulin kinase II mutant mice}, volume={257}, DOI={10.1126/science.1378648}, number={5067}, journal={Science}, author={Silva, A. and Stevens, C. and Tonegawa, S and Wang, Y}, year={1992}, pages={201–206}}